@inproceedings{Raghunathan:2010:MSC:1870658.1870706,
 author = {Raghunathan, Karthik and Lee, Heeyoung and Rangarajan, Sudarshan and Chambers, Nathanael and Surdeanu, Mihai and Jurafsky, Dan and Manning, Christopher},
 title = {A Multi-pass Sieve for Coreference Resolution},
 booktitle = {Proceedings of the 2010 Conference on Empirical Methods in Natural Language Processing},
 series = {EMNLP '10},
 year = {2010},
 location = {Cambridge, Massachusetts},
 pages = {492--501},
 numpages = {10},
 url = {http://dl.acm.org/citation.cfm?id=1870658.1870706},
 acmid = {1870706},
 publisher = {Association for Computational Linguistics},
 address = {Stroudsburg, PA, USA},
} 

@unknown{Robust,
author = {Y. Chen, Henry and Zhou, Ethan and D. Choi, Jinho},
year = {2017},
month = {01},
pages = {216-225},
title = {Robust Coreference Resolution and Entity Linking on Dialogues: Character Identification on TV Show Transcripts}
}

@unknown{Character,
author = {Chen, Yu-Hsin and D. Choi, Jinho},
year = {2016},
month = {01},
pages = {90-100},
title = {Character Identification on Multiparty Conversation: Identifying Mentions of Characters in TV Shows}
}

@ARTICLE{2017arXiv170707045L,
   author = {{Lee}, K. and {He}, L. and {Lewis}, M. and {Zettlemoyer}, L.
	},
    title = "{End-to-end Neural Coreference Resolution}",
  journal = {ArXiv e-prints},
archivePrefix = "arXiv",
   eprint = {1707.07045},
 primaryClass = "cs.CL",
 keywords = {Computer Science - Computation and Language},
     year = 2017,
    month = jul,
   adsurl = {http://adsabs.harvard.edu/abs/2017arXiv170707045L},
  adsnote = {Provided by the SAO/NASA Astrophysics Data System}
}

@inproceedings{Durrett2013EasyVA,
  title={Easy Victories and Uphill Battles in Coreference Resolution},
  author={Greg Durrett and Dan Klein},
  booktitle={EMNLP},
  year={2013}
}


@ARTICLE{2016arXiv160403035W,
   author = {{Wiseman}, S. and {Rush}, A.~M. and {Shieber}, S.~M.},
    title = "{Learning Global Features for Coreference Resolution}",
  journal = {ArXiv e-prints},
archivePrefix = "arXiv",
   eprint = {1604.03035},
 primaryClass = "cs.CL",
 keywords = {Computer Science - Computation and Language},
     year = 2016,
    month = apr,
   adsurl = {http://adsabs.harvard.edu/abs/2016arXiv160403035W},
  adsnote = {Provided by the SAO/NASA Astrophysics Data System}
}

@ARTICLE{2016arXiv160908667C,
   author = {{Clark}, K. and {Manning}, C.~D.},
    title = "{Deep Reinforcement Learning for Mention-Ranking Coreference Models}",
  journal = {ArXiv e-prints},
archivePrefix = "arXiv",
   eprint = {1609.08667},
 primaryClass = "cs.CL",
 keywords = {Computer Science - Computation and Language},
     year = 2016,
    month = sep,
   adsurl = {http://adsabs.harvard.edu/abs/2016arXiv160908667C},
  adsnote = {Provided by the SAO/NASA Astrophysics Data System}
  
  @ARTICLE{2016arXiv160601323C,
   author = {{Clark}, K. and {Manning}, C.~D.},
    title = "{Improving Coreference Resolution by Learning Entity-Level Distributed Representations}",
  journal = {ArXiv e-prints},
archivePrefix = "arXiv",
   eprint = {1606.01323},
 primaryClass = "cs.CL",
 keywords = {Computer Science - Computation and Language},
     year = 2016,
    month = jun,
   adsurl = {http://adsabs.harvard.edu/abs/2016arXiv160601323C},
  adsnote = {Provided by the SAO/NASA Astrophysics Data System}
}

}

@inproceedings{Mihalcea:2007:WLD:1321440.1321475,
 author = {Mihalcea, Rada and Csomai, Andras},
 title = {Wikify!: Linking Documents to Encyclopedic Knowledge},
 booktitle = {Proceedings of the Sixteenth ACM Conference on Conference on Information and Knowledge Management},
 series = {CIKM '07},
 year = {2007},
 isbn = {978-1-59593-803-9},
 location = {Lisbon, Portugal},
 pages = {233--242},
 numpages = {10},
 url = {http://doi.acm.org/10.1145/1321440.1321475},
 doi = {10.1145/1321440.1321475},
 acmid = {1321475},
 publisher = {ACM},
 address = {New York, NY, USA},
 keywords = {keyword extraction, semantic annotation, wikipedia, word sense disambiguation},
} 

@ARTICLE{2016arXiv160400734F,
   author = {{Francis-Landau}, M. and {Durrett}, G. and {Klein}, D.},
    title = "{Capturing Semantic Similarity for Entity Linking with Convolutional Neural Networks}",
  journal = {ArXiv e-prints},
archivePrefix = "arXiv",
   eprint = {1604.00734},
 primaryClass = "cs.CL",
 keywords = {Computer Science - Computation and Language},
     year = 2016,
    month = apr,
   adsurl = {http://adsabs.harvard.edu/abs/2016arXiv160400734F},
  adsnote = {Provided by the SAO/NASA Astrophysics Data System}
}

@unknown{Fourth,
author = {Kim, Seokhwan and D'Haro, Luis and Banchs, Rafael and Williams, Jason and Henderson, Matthew},
year = {2016},
month = {01},
pages = {},
title = {The Fourth Dialog State Tracking Challenge}
}

@conference {henderson-thomson-young:2013:SIGDIAL,
	title = {Deep Neural Network Approach for the Dialog State Tracking Challenge},
	booktitle = {Proceedings of the SIGDIAL 2013 Conference},
	year = {2013},
	month = {August},
	pages = {467{\textendash}471},
	publisher = {Association for Computational Linguistics},
	organization = {Association for Computational Linguistics},
	address = {Metz, France},
	url = {http://www.aclweb.org/anthology/W13-4073},
	author = {Henderson, Matthew and Thomson, Blaise and Young, Steve}
}






